% Encoding: UTF-8

@Article{QianDeng2014Flexoelectricity,
  author  = {Qian Deng and Liping Liu and Pradeep Sharma},
  journal = {Journal of the Mechanics and Physics of Solids},
  title   = {Flexoelectricity in soft materials and biological membranes},
  year    = {2014},
  pages   = {209-227},
  volume  = {62},
  groups  = {references},
}

@Article{Ahmadpoor2015Flexoelectricity,
  author  = {Fatemeh Ahmadpoor and Pradeep Sharma},
  journal = {Nanoscale},
  title   = {Flexoelectricity in two-dimensional crystalline and biological membranes},
  year    = {2015},
  number  = {40},
  pages   = {16555-70},
  volume  = {7},
  groups  = {references},
}

@Article{Krichen2016Flexoelectricity,
  author  = {Sana Krichen and Pradeep Sharma},
  journal = {Journal of Applied Mechanics},
  title   = {Flexoelectricity: A Perspective on an Unusual Electromechanical Coupling},
  year    = {2016},
  number  = {3},
  volume  = {83},
  groups  = {references},
}

@Article{Majdoub2008Dramatic,
  author  = {M. S. Majdoub and P. Sharma and T. Çağin},
  journal = {Physical Review B},
  title   = {Dramatic enhancement in energy harvesting for a narrow range of dimensions in piezoelectric nanostructures},
  year    = {2008},
  number  = {121407(R)},
  volume  = {78},
  groups  = {references},
}

@Article{Catalan2011Flexoelectric,
  author  = {Catalan, G. and Lubk, A. and Vlooswijk, A. H. G. and Snoeck, E. and Magen, C. and Janssens, A. and Rispens, G. and Rijnders, G. and Blank, D. H. A. and Noheda, B.},
  journal = {Nature Materials},
  title   = {Flexoelectric rotation of polarization in ferroelectric thin films},
  year    = {2011},
  pages   = {963–967},
  volume  = {10},
  groups  = {references},
}

@Article{Majdoub2009Erratum,
  author  = {M. S. Majdoub and P. Sharma and T. Çağin},
  journal = {Physical Review B},
  title   = {Erratum: Enhanced size-dependent piezoelectricity and elasticity in nanostructures due to the flexoelectric effect},
  year    = {2009},
  number  = {119904(E)},
  volume  = {79},
  groups  = {references},
}

@Article{Jiang2013Flexoelectric,
  author  = {Xiaoning Jiang and Wenbin Huang and Shujun Zhang},
  journal = {Nano Energy},
  title   = {Flexoelectric nano-generator: Materials, structures and devices},
  year    = {2013},
  number  = {6},
  pages   = {1079-1092},
  volume  = {2},
  groups  = {references},
}

@Article{Yan2013A,
  author  = {Xiang Yan and Wenbin Huang and Seol Ryung Kwon and Shaorui Yang and Xiaoning Jiang and Fuh-Gwo Yuan},
  journal = {Smart Materials \& Structures},
  title   = {A sensor for the direct measurement of curvature based on flexoelectricity},
  year    = {2013},
  number  = {8},
  pages   = {085016},
  volume  = {22},
  groups  = {references},
}

@Article{ZhihongWang2013Giant,
  author  = {Zhihong Wang and Xi Xiang Zhang and Xianbin Wang and Weisheng Yue and Jingqi Li and Jianmin Miao and Weiguang Zhu},
  journal = {Advanced Functional Materials},
  title   = {Giant Flexoelectric Polarization in a MicromachinedFerroelectric Diaphragm},
  year    = {2013},
  number  = {1},
  pages   = {124-132},
  volume  = {23},
  groups  = {references},
}

@Article{Bhaskar2015A,
  author  = {Umesh Kumar Bhaskar and Nirupam Banerjee and Amir Abdollahi and Zhe Wang and Darrell G. Schlom and Guus Rijnders and Gustau Catalan},
  journal = {Nature Nanotechnology},
  title   = {A flexoelectric microelectromechanical system on silicon},
  year    = {2016},
  pages   = {263–266},
  volume  = {11},
  groups  = {references},
}

@Article{Petrov2002Flexoelectricity,
  author  = {Alexander G. Petrov},
  journal = {BBA - Biomembranes},
  title   = {Flexoelectricity of model and living membranes},
  year    = {2002},
  number  = {1},
  pages   = {1-25},
  volume  = {1561},
  groups  = {references},
}

@Article{Brownell2001Micro,
  author  = {W. E. Brownell and A. A. Spector and R. M. Raphael and A. S. Popel},
  journal = {Annual Review of Biomedical Engineering},
  title   = {Micro- and Nanomechanics of the Cochlear Outer Hair Cell},
  year    = {2001},
  number  = {1},
  pages   = {169-194},
  volume  = {3},
  groups  = {references},
}

@Article{Petrov2006Electricity,
  author  = {Alexander G. Petrov},
  journal = {Analytica Chimica Acta},
  title   = {Electricity and mechanics of biomembrane systems: Flexoelectricity in living membranes},
  year    = {2006},
  number  = {1-2},
  pages   = {70-83},
  volume  = {568},
  groups  = {references},
}

@Article{LipingLiu2013Flexoelectricity,
  author  = {L. P. Liu and P. Sharma},
  journal = {Physical Review E},
  title   = {Flexoelectricity and thermal fluctuations of lipid bilayer membranes: Renormalization of flexoelectric, dielectric, and elastic properties},
  year    = {2013},
  number  = {3},
  pages   = {032715},
  volume  = {87},
  groups  = {references},
}

@Article{Porenta2010Effect,
  author  = {Tine Porenta and Miha Ravnik and Slobodan Zumer},
  journal = {Soft Matter},
  title   = {Effect of flexoelectricity and order electricity on defect cores in nematic droplets},
  year    = {2011},
  number  = {1},
  pages   = {132-136},
  volume  = {7},
  groups  = {references},
}

@Article{ShengMao2015Defects,
  author  = {Sheng Mao and Prashant K. Purohit},
  journal = {Journal of the Mechanics and Physics of Solids},
  title   = {Defects in flexoelectric solids},
  year    = {2015},
  pages   = {95-115},
  volume  = {84},
  groups  = {references},
}

@Article{YeCao2017Pressure,
  author  = {Ye Cao and Anna Morozovska and Sergei V. Kalinin},
  journal = {Physical Review B},
  title   = {Pressure-induced switching in ferroelectrics: Phase-field modeling, electrochemistry, flexoelectric effect, and bulk vacancy dynamics},
  year    = {2017},
  number  = {18},
  pages   = {184109.1-184109.15},
  volume  = {96},
  groups  = {references},
}

@Article{SharmaND2007On,
  author  = {N. D. Sharma and R. Maranganti and P. Sharma},
  journal = {Journal of the Mechanics and Physics of Solids},
  title   = {On the possibility of piezoelectric nanocomposites without using piezoelectric materials},
  year    = {2007},
  number  = {11},
  pages   = {2328-2350},
  volume  = {55},
  groups  = {references},
}

@Article{Chandratre2012Coaxing,
  author  = {Swapnil Chandratre and Pradeep Sharma},
  journal = {Applied Physics Letters},
  title   = {Coaxing graphene to be piezoelectric},
  year    = {2012},
  number  = {2},
  pages   = {023114},
  volume  = {100},
  groups  = {references},
}

@Article{BaojinChu2009Flexure,
  author  = {Baojin Chu and Wenyi Zhu and Nan Li and L. Eric Cross},
  journal = {Journal of Applied Physics},
  title   = {Flexure mode flexoelectric piezoelectric composites},
  year    = {2009},
  number  = {10},
  pages   = {104109},
  volume  = {106},
  groups  = {references},
}

@Article{SharmaND2010Piezoelectric,
  author  = {N. D. Sharma and C. M. Landis and P. Sharma},
  journal = {Journal of Applied Physics},
  title   = {Piezoelectric thin-film superlattices without using piezoelectric materials},
  year    = {2010},
  number  = {2},
  pages   = {024304},
  volume  = {108},
  groups  = {references},
}

@Article{Dumitric2002Curvature,
  author  = {Traian Dumitrică and Chad M. Landis and Boris I. Yakobson},
  journal = {Chemical Physics Letters},
  title   = {Curvature-induced polarization in carbon nanoshells},
  year    = {2002},
  number  = {1-2},
  pages   = {182-188},
  volume  = {360},
  groups  = {references},
}

@Article{Kalinin2008Electronic,
  author  = {Sergei V. Kalinin and Vincent Meunier},
  journal = {Physical Review B},
  title   = {Electronic flexoelectricity in low-dimensional systems},
  year    = {2008},
  number  = {3},
  volume  = {77},
  groups  = {references},
}

@Article{Lobkovsky1995Scaling,
  author  = {Alex Lobkovsky and Sharon Gentges and Hao Li and David Morse and T. A. Witten},
  journal = {Science},
  title   = {Scaling properties of stretching ridges in a crumpled elastic sheet},
  year    = {1995},
  number  = {5241},
  pages   = {1482-1485},
  volume  = {270},
  groups  = {references},
}

@Article{BenAmar1997Crumpled,
  author  = {M. Ben Amar and Y. Pomeau},
  journal = {Proceedings of the Royal Society A},
  title   = {Crumpled paper},
  year    = {1997},
  number  = {1959},
  pages   = {729-755},
  volume  = {453},
  groups  = {references},
}

@Article{Cerda1999ConicalDislocations,
  author  = {Enrique Cerda and Sahraoui Chaieb and Francisco Melo and L. Mahadevan},
  journal = {Nature},
  title   = {Conical dislocations in crumpling},
  year    = {1999},
  number  = {6748},
  pages   = {46-46},
  volume  = {401},
  groups  = {references},
}

@Article{Cerda2005Confined,
  author  = {E. Cerda and L. Mahadevan},
  journal = {Proceedings of the Royal Society A Mathematical Physical \& Engineering Sciences},
  title   = {Confined developable elastic surfaces: cylinders, cones and the {Elastica}},
  year    = {2005},
  number  = {2055},
  pages   = {671–700},
  volume  = {461},
  groups  = {references},
}

@Article{Kodali2017Crumpling,
  author  = {P. Kodali and G. Saravanavel and S. Sambandan},
  journal = {Flexible \& Printed Electronics},
  title   = {Crumpling for energy: modeling generated power from the crumpling of polymer piezoelectric foils for wearable electronics},
  year    = {2017},
  number  = {3},
  pages   = {035005},
  volume  = {2},
  groups  = {references},
}

@Article{BingleiWang2019Flexoelectricity,
  author  = {Binglei Wang and Shengyou Yang and Pradeep Sharma},
  journal = {Physical Review B},
  title   = {Flexoelectricity as a universal mechanism for energy harvesting from crumpling of thin sheets},
  year    = {2019},
  pages   = {035438},
  volume  = {100},
  groups  = {references},
}

@Article{Toupin1962Elastic,
  author  = {R. Toupin},
  journal = {Archive for Rational Mechanics \& Analysis},
  title   = {Elastic materials with couple-stresses},
  year    = {1962},
  number  = {1},
  pages   = {385-414},
  volume  = {11},
  groups  = {references},
}

@Book{Landau1959Theory,
  author    = {L. D. Landau and E. M. Lifshitz},
  publisher = {Pergamon Press},
  title     = {Theory of elasticity},
  year      = {1959},
  groups    = {references},
}

@Article{LinglingChen2021The,
  author  = {Lingling Chen and Yang Liu and Shenjie Zhou and Binglei Wang},
  journal = {Applied Mathematical Modelling},
  title   = {The reformulated micro-beam models by incorporating the general strain gradient elasticity theory ({GSGET})},
  year    = {2021},
  pages   = {448-465},
  volume  = {90},
  groups  = {references},
}

@Article{Cerda1998ConicalSurface,
  author  = {E. Cerda and L. Mahadevan},
  journal = {Physical Review Letters},
  title   = {Conical Surfaces and Crescent Singularities in Crumpled Sheets},
  year    = {1998},
  number  = {11},
  pages   = {2358-2361},
  volume  = {80},
  groups  = {references},
}

@Article{Khatua-1973-Bending-and-vibratioin,
  author  = {T. P. Khatua and Y. K. Cheung},
  journal = {International Journal for Numerical Methods in Engineering},
  title   = {Bending and vibration of multilayer sandwich beams and plates},
  year    = {1973},
  number  = {1},
  pages   = {11-24},
  volume  = {6},
  groups  = {references},
}

@Article{Chen-2002-Creep-response,
  author  = {C. Chen and N. A. Fleck and M. F. Ashby},
  journal = {Advanced Engineering Materials},
  title   = {Creep Response of Sandwich Beams with a Metallic Foam Core},
  year    = {2002},
  number  = {10},
  pages   = {777-780},
  volume  = {4},
  groups  = {references},
}

@Article{Kazemi2016Desigh_of_composite,
  author  = {Kazemi, M. and Verchery, G.},
  journal = {Composite Structures},
  title   = {Design of composite laminated plates for maximum buckling load with stiffness and elastic modulus constraints - ScienceDirect},
  year    = {2016},
  pages   = {27-38},
  volume  = {148},
  groups  = {references},
}

@Article{Hyun1999Elastic_modulus,
  author  = {Cho, Xi Hyun and Xim, Youngman},
  journal = {Journal of Materials Research},
  title   = {Elastic modulus measurement of multilayer metallic thin films},
  year    = {1999},
  number  = {5},
  pages   = {1996-2001},
  volume  = {14},
  groups  = {references},
}

@Article{Ashton1970Theory_of_laminated,
  author  = {J. E. Ashton and J. M. Whitney},
  journal = {Technomic},
  title   = {Theory of laminated plates},
  year    = {1970},
  groups  = {references},
}

@Article{Abrate1991Impact_on,
  author  = {S. Abrate},
  journal = {Applied Mechanics Reviews},
  title   = {Impact on Laminated Composite Materials},
  year    = {1991},
  number  = {4},
  pages   = {155-190},
  volume  = {44},
  groups  = {references},
}

@Book{2003-sunlijun-liqing,
  author = {孙立军},
  title  = {沥青结构行为学},
  year   = {2003},
}

@Book{Lu2021elastic,
  author = {陆明万},
  title  = {弹性理论基础},
  year   = {2021},
}

@Comment{jabref-meta: databaseType:bibtex;}

@Comment{jabref-meta: grouping:
0 AllEntriesGroup:;
1 StaticGroup:references\;0\;1\;0x8a8a8aff\;\;\;;
}
